@inproceedings{malakasiotis2009paraphrase,
  title={Paraphrase recognition using machine learning to combine similarity measures},
  author={Malakasiotis, Prodromos},
  booktitle={Proceedings of the ACL-IJCNLP 2009 Student Research Workshop},
  pages={27--35},
  year={2009},
  organization={Association for Computational Linguistics}
}


@inproceedings{soundex

}

@inproceedings{malakasiotis2007learning,
  title={Learning textual entailment using SVMs and string similarity measures},
  author={Malakasiotis, Prodromos and Androutsopoulos, Ion},
  booktitle={Proceedings of the ACL-PASCAL Workshop on Textual Entailment and Paraphrasing},
  pages={42--47},
  year={2007},
  organization={Association for Computational Linguistics}
}